@Article{petrovskaya-2009,
  Title                    = {Model based vehicle detection and tracking for autonomous urban driving},
  Author                   = {Petrovskaya, Anna and Thrun, Sebastian},
  Journal                  = J-AR,
  Year                     = {2009},
  Number                   = {2-3},
  Pages                    = {123--139},
  Volume                   = {26},

  Publisher                = {Springer}
}

@inproceedings{wang2012could,
    title={What could move? finding cars, pedestrians and bicyclists in 3d laser data},
    author={Wang, Dominic Zeng and Posner, Ingmar and Newman, Paul},
    booktitle=C-ICRA,
    pages={4038--4044},
    year={2012},
    address={St. Paul, MN, USA}
}

@article{wang2015,
    Author = {Dominic Zeng Wang and Ingmar Posner and Paul Newman},
    Journal = J-IJRR,
    Title = {Model-Free Detection and Tracking of Dynamic Objects with 2{D} Lidar},
    Volume = {34},
    Number = {7},
    Pages = {1039-1063},
    DOI = {10.1177/0278364914562237},
    Year = {2015}
}

@ARTICLE{Geiger2013IJRR,
  author = {Andreas Geiger and Philip Lenz and Christoph Stiller and Raquel Urtasun},
  title = {Vision meets Robotics: The {KITTI} Dataset},
  journal = {International Journal of Robotics Research (IJRR)},
  year = {2013}
}

@inproceedings {wang2015RSS,
  Address = {Rome, Italy},
  Author = {Dominic Zeng Wang AND Ingmar Posner},
  Booktitle =C-RSS,
  Month = {July},
  Pdf = {http://www.robots.ox.ac.uk/~mobile/Papers/2015RSS_wang.pdf},
  Title = {Voting for Voting in Online Point Cloud Object Detection},
  Year = {2015}
}

@inproceedings{Engelcke2017ICRA,
  author = {Engelcke, M. and Rao, D. and Zeng Wang, D. and Hay Tong, C. and
  Posner, I.},
  title = "{Vote3Deep: Fast Object Detection in 3D Point Clouds Using Efficient Convolutional Neural Networks}",
  Booktitle =C-ICRA,
  Month = {June},
  year = {2017},
  Pdf = {https://arxiv.org/abs/1609.06666}
}

@INPROCEEDINGS{Li2016RSS,
    AUTHOR    = {Bo Li AND Tianlei Zhang AND Tian Xia},
    TITLE     = {Vehicle Detection from 3D Lidar Using Fully Convolutional Network},
    BOOKTITLE = C-RSS,
    YEAR      = {2016},
    ADDRESS   = {Ann Arbor, Michigan},
    MONTH     = {June},
    DOI       = {10.15607/RSS.2016.XII.042}
}

@inproceedings{Chen2017CVPR,
  title = {Multi-View 3D Object Detection Network for Autonomous Driving},
  author = {Xiaozhi Chen and Huimin Ma and Ji Wan and Bo Li and Tian Xia},
  booktitle = C-CVPR,
  year = {2017}
}

@article{chow1968approximating,
  title={Approximating discrete probability distributions with dependence trees},
  author={Chow, C and Liu, Cong},
  journal=J-TOIT,
  volume={14},
  number={3},
  pages={462--467},
  year={1968},
  publisher={IEEE}
}

@Book{thrun2005probabilistic,
 Title                    = {Probabilistic robotics},
 Author                   = {Thrun, Sebastian and Burgard, Wolfram and Fox, Dieter},
 Publisher                = {MIT press},
 Year                     = {2005}
}

@INPROCEEDINGS{ushani2017ICRA,
  AUTHOR = { Arash K. Ushani and Ryan W. Wolcott and Jeffrey M. Walls and Ryan M. Eustice },
  TITLE = { A Learning Approach for Real-Time Temporal Scene Flow Estimation from LIDAR Data},
  BOOKTITLE = C-ICRA,
  YEAR = { 2017 },
  MONTH = { May },
  ADDRESS = { Singapore },
}

@INPROCEEDINGS{smith2017CORL,
  AUTHOR = {Edward Smith and David Meger},
  TITLE = {Improved Adversarial Systems for 3D Object Generation and Reconstruction},
  BOOKTITLE = C-CORL,
  YEAR = {2017},
  MONTH = { November},
  ADDRESS = {Mountain View, CA, USA},
  NOTE = {To appear},
}

@inproceedings{yang2016exploit,
  title={Exploit all the layers: Fast and accurate cnn object detector with scale dependent pooling and cascaded rejection classifiers},
  author={Yang, Fan and Choi, Wongun and Lin, Yuanqing},
  booktitle=C-CVPR,
  pages={2129--2137},
  year={2016}
}


@inproceedings{deepmanta_cvpr17,
  title = {Deep MANTA: A Coarse-to-fine Many-Task Network for joint 2D and 3D vehicle analysis from monocular image},
  author = { F. Chabot and M. Chaouch and J. Rabarisoa and C. Teuli√®re and T. Chateau},
  booktitle =C-CVPR,
  year = {2017}
}

@inproceedings{Ren17CVPR,
  author = {Jimmy Ren and Xiaohao Chen and Jianbo Liu and Wenxiu Sun and Jiahao Pang and Qiong Yan and Yu-Wing Tai and Li Xu},
  title = {Accurate Single Stage Detector Using Recurrent Rolling Convolution},
  booktitle =C-CVPR,
  year = {2017}
}

@INPROCEEDINGS{Ramos-RSS-15,
  AUTHOR    = {Fabio Ramos AND Lionel Ott},
  TITLE     = {Hilbert maps: scalable continuous occupancy mapping with stochastic gradient descent},
  BOOKTITLE = C-RSS,
  YEAR      = {2015},
  ADDRESS   = {Rome, Italy},
  MONTH     = {July},
  DOI       = {10.15607/RSS.2015.XI.002}
}

@INPROCEEDINGS{Guizilini-RSS-17,
    AUTHOR    = {Vitor Guizilini AND Fabio Ramos},
    TITLE     = {Learning to Reconstruct 3D Structures for Occupancy Mapping},
    BOOKTITLE = C-RSS,
    YEAR      = {2017},
    ADDRESS   = {Cambridge, Massachusetts},
    MONTH     = {July},
    DOI       = {10.15607/RSS.2017.XIII.009}
}

@inproceedings{guizilini2016large,
  title={Large-scale 3D scene reconstruction with Hilbert Maps},
  author={Guizilini, Vitor and Ramos, Fabio},
  booktitle=C-IROS,
  pages={3247--3254},
  year={2016},
  organization={IEEE}
}

@inproceedings{qi2016volumetric,
  author = {Charles Ruizhongtai Qi and Hao Su and Matthias Nie{\ss}ner and Angela Dai and Mengyuan Yan and Leonidas Guibas},
  title = {Volumetric and Multi-View CNNs for Object Classification on 3D Data},
  booktitle =C-CVPR,
  year = {2016}
}

@inproceedings{dai2017complete,
  title={Shape Completion using 3D-Encoder-Predictor CNNs and Shape Synthesis},
  author={Dai, Angela and Qi, Charles Ruizhongtai and Nie{\ss}ner, Matthias},
  booktitle =C-CVPR,
  year = {2017}
}

@inproceedings{maturana2015voxnet,
  title={Voxnet: A 3d convolutional neural network for real-time object recognition},
  author={Maturana, Daniel and Scherer, Sebastian},
  booktitle=C-IROS,
  pages={922--928},
  year={2015},
  organization={IEEE}
}

@article{bresenham1965algorithm,
  title={Algorithm for computer control of a digital plotter},
  author={Bresenham, Jack E},
  journal={IBM Systems journal},
  volume={4},
  number={1},
  pages={25--30},
  year={1965},
  aku_publisher={IBM Corp.}
}

@ARTICLE{hornung13auro,
  author = {Armin Hornung and Kai M. Wurm and Maren Bennewitz and Cyrill
  Stachniss and Wolfram Burgard},
  title = {{OctoMap}: An Efficient Probabilistic {3D} Mapping Framework Based
  on Octrees},
  journal = J-AR,
  year = 2013,
  url = {http://octomap.github.com},
  doi = {10.1007/s10514-012-9321-0},
  note = {Software available at \url{http://octomap.github.com}}
}

@article{gpmaps_ijrr12,
  author = {Simon T O'Callaghan and Fabio T Ramos},
  title = {Gaussian process occupancy maps},
  journal =J-IJRR,
  volume = {31},
  number = {1},
  pages = {42-62},
  year = {2012},
}

@article{ushani_raybased,
  author = {Arash K. Ushani},
  title = {Object Detection using a Probabilistic Ray-Based Observation Model},
  url = {\url{https://drive.google.com/open?id=0B17sKrtyqJWtdnRJbFhXV1pvTEk}},
}
