@STRING{C-AAAI = {Proc. {AAAI} Nat. Conf. Artif. Intell.}}
@STRING{C-ACC = {Proc. Amer. Control Conf.}}
@STRING{C-AGU = {EOS: Trans. Amer. Geophys. Union Fall Meet. Suppl.}}
@STRING{C-AUV = {Proc. {IEEE/OES} Autonomous Underwater Vehicles Conf.}}
@STRING{C-BMVC = {Proc. British Mach. Vis. Conf.}}
@STRING{C-CDC = {Proc. {IEEE} Conf. Decision Control}}
@STRING{C-CORL = {Proc. Conf. Robot Learning}}
@STRING{C-CVPR = {Proc. {IEEE} Conf. Comput. Vis. Pattern Recog.}}
@STRING{C-DICTA = {Proc. Digital Image Computing: Techniques Applicat.}}
@STRING{C-ECCV = {Proc. European Conf. Comput. Vis.}}
@STRING{C-FSR = {Proc. Int. Conf. Field Service Robot.}}
@STRING{C-ICCV = {Proc. {IEEE} Int. Conf. Comput. Vis.}}
@STRING{C-ICIP = {Proc. Int. Conf. Image Process.}}
@STRING{C-ICPR = {Proc. Int. Conf. Pattern Recog.}}
@STRING{C-ICRA = {Proc. {IEEE} Int. Conf. Robot. and Automation}}
@STRING{C-IJCAI = {Proc. Int. Joint Conf. Artif. Intell.}}
@STRING{C-IROS = {Proc. {IEEE}/{RSJ} Int. Conf. Intell. Robots and Syst.}}
@STRING{C-ISCV = {Proc. Int. Symp. Comput. Vis.}}
@STRING{C-ISER = {Proc. Int. Symp. Experimental Robot.}}
@STRING{C-ISRR = {Proc. Int. Symp. Robot. Res.}}
@STRING{C-ISUT = {Proc. Int. Symp. Underwater Tech.}}
@STRING{C-IVS  = {Proc. {IEEE} Intell. Veh. Symp.}}
@STRING{C-NIPS = {Proc. Advances Neural Inform. Process. Syst. Conf.}}
@STRING{C-OCEANS = {Proc. {IEEE}/{MTS} {OCEANS} Conf. Exhib.}}
@STRING{C-OCEANS-Europe = {Proc. {IEEE} {OCEANS}-Europe Conf. Exhib.}}
@STRING{C-RSS = {Proc. Robot.: Sci. \& Syst. Conf.}}
@STRING{C-UAI = {Proc. Uncertainty AI}}
@STRING{C-UUST = {Proc. Int. Symp. Unmanned Untethered Subm. Tech.}}
@STRING{C-WAFR = {Proc. Int. Work. Alg. Foundation of Robotics}}

@STRING{I-CALTECH = {California Inst. Tech.}}
@STRING{I-CMU = {Carnegie Mellon Univ.}}
@STRING{I-JHU = {Johns Hopkins Univ.}}
@STRING{I-KTH = {Katholieke Universiteit Leuven}}
@STRING{I-MIT = {Massachusetts Inst. Tech.}}
@STRING{I-MIT/WHOI = {Massachusetts Inst. Tech. / Woods Hole Ocean. Inst. Joint Program}}
@STRING{I-SCRIPPS = {Scripps Inst. Oceanography}}
@STRING{I-UMICH = {Univ. Michigan}}
@STRING{I-WHOI = {Woods Hole Ocean. Inst.}}


@STRING{J-AGU = {{EOS}, Trans. Amer. Geophys. Union}}
@STRING{J-AI = {Artificial Intelligence}}
@STRING{J-AJA = {Amer. J. Archaeol.}}
@STRING{J-AMS = {The Ann. Math. Stat.}}
@STRING{J-AMAI = {Ann. Math. and Artifical Intelligence}}
@STRING{J-AR = {Auton. Robot.}}
@STRING{J-ASME-JBE = {Trans. ASME---J. Basic Eng.}}
@STRING{J-CSR = {Continental Shelf Res.}}
@STRING{J-CVIU = {Comput. Vis. Image Understanding}}
@STRING{J-DSR1 = {Deep Sea Res. I}}
@STRING{J-EPSL = {Earth and Planetary Sci. Lett.}}
@STRING{J-HI = {Hydro Int.}}
@STRING{J-IEEE = {Proc. {IEEE}}}
@STRING{J-IJCV = {Int. J. Comput. Vis.}}
@STRING{J-IJME = {Int. J. Maritime Eng.}}
@STRING{J-IJNA = {Int. J. Nautical Archaeol.}}
@STRING{J-IJOPE = {Int. J. Offshore and Polar Eng.}}
@STRING{J-IJPRAI = {Int. J. Pattern Recog. and Artifical Intell.}}
@STRING{J-IJRR = {Int. J. Robot. Res.}}
@STRING{J-IJSR = {Int. J. Syst. Sci.}}
@STRING{J-ITS = {{IEEE} Trans. Intell. Transp. Sys.}}
@STRING{J-IVC = {Image and Vis. Comput.}}
@STRING{J-JAIR = {J. Artif. Intell. Res.}}
@STRING{J-JAOT = {J. Atmospheric and Oceanic Tech.}}
@STRING{J-JAS = {J. Appl. Stat.}}
@STRING{J-JASA = {J. Amer. Statistical Assoc.}}
@STRING{J-JASA2 = {J. Acoustical Soc. Amer.}}
@STRING{J-JEME = {J. Eng. Maritime Environment}}
@STRING{J-JFA = {J. Field Archaeol.}}
@STRING{J-JFR = {J. Field Robot.}}
@STRING{J-JGLR = {J. Great Lakes Res.}}
@STRING{J-JGR = {J. Geophys. Res.}}
@STRING{J-JIN = {J. Inst. Navigation}}
@STRING{J-JIS = {J. Infrastructure Syst.}}
@STRING{J-JMIV = {J. Math. Imaging and Vis.}}
@STRING{J-JMLR = {J. Mach. Learning Res.}}
@STRING{J-JMS = {{ICES} J. Marine Sci.}}
@STRING{J-JMST = {J. Marine Sci. and Tech.}}
@STRING{J-JPT = {J. Petroleum Tech.}}
@STRING{J-JOSA = {J. Optical Soc. Amer.}}
@STRING{J-JOT = {J. Ocean Tech.}}
@STRING{J-JR = {J. Robotics}}
@STRING{J-LNCS = {Lecture Notes Comput. Sci., Springer-Verlag}}
@STRING{J-MC = {Math. Computation}}
@STRING{J-MEPS = {Marine Ecology Progress Series}}
@STRING{J-ML = {Mach. Learning}}
@STRING{J-MTS = {Marine Tech. Soc. J.}}
@STRING{J-MVA = {Mach. Vis. and Applicat.}}
@STRING{J-NEJ = {Naval Engineers J.}}
@STRING{J-NRR = {Naval Res. Reviews}}
@STRING{J-OE = {Optical Eng.}}
@STRING{J-PNAS = {Proc. Nat. Academy of Sci. of the U.S. of Amer.}}
@STRING{J-RAS = {Robot. and Auton. Syst.}}
@STRING{J-SP = {Signal Process.}}
@STRING{J-SSTA = {Subsurface Sensing Tech. and Applicat.}}
@STRING{J-ST = {Sea Tech.}}
